@article{john,
  author  = {John, Jeen and Shobayo, Olamilekan and Ogunleye, Bayode},
  year    = {2023},
  month   = {10},
  pages   = {809-823},
  title   = {An Exploration of Clustering Algorithms for Customer Segmentation in the UK Retail Market},
  volume  = {2},
  journal = {Analytics},
  doi     = {10.3390/analytics2040042}
}

@article{zhao,
  author  = {Zhao, Jiaqi},
  year    = {2024},
  month   = {03},
  pages   = {242-247},
  title   = {Customer segmentation application based on K-Means},
  volume  = {47},
  journal = {Applied and Computational Engineering},
  doi     = {10.54254/2755-2721/47/20241400}
}

@misc{patel,
  title        = {Customer Segmentation/Clustering},
  author       = {Patel, Vishakh},
  howpublished = {Kaggle},
  note         = {Accessed on April 22, 2024. Available online: \url{https://www.kaggle.com/datasets/vishakhdapat/customer-segmentation-clustering/data}}
}

@article{sokol,
  author  = {Sokol, Ondřej and Holý, Václav},
  title   = {The role of shopping mission in retail customer segmentation},
  journal = {International Journal of Market Research},
  volume  = {63},
  number  = {4},
  pages   = {454--470},
  year    = {2020},
  doi     = {10.1177/1470785320921011}
}

@article{hicham,
  author  = {Hicham, N. and Karim, S.},
  title   = {Analysis of unsupervised machine learning techniques for an efficient customer segmentation using clustering ensemble and spectral clustering},
  journal = {International Journal of Advanced Computer Science and Applications},
  volume  = {13},
  number  = {10},
  year    = {2022},
  doi     = {10.14569/ijacsa.2022.0131016}
}

@article{turkmen,
  author  = {Turkmen, B.},
  title   = {Customer segmentation with machine learning for online retail industry},
  journal = {The European Journal of Social and Behavioural Sciences},
  volume  = {31},
  number  = {2},
  pages   = {111--136},
  year    = {2022},
  doi     = {10.15405/ejsbs.316}
}




